<?xml version="1.0" encoding="UTF-8"?><collection xmlns="http://www.loc.gov/MARC21/slim"><record><leader>00480nam--2200181-i-4500</leader><controlfield tag="001">000025978</controlfield><controlfield tag="002">20161230</controlfield><controlfield tag="005">20161230201036</controlfield><controlfield tag="008">060222s1000------------r-----000-0-eng-d</controlfield><datafield ind1=" " ind2=" " tag="040"><subfield code="a">IFIN-HH</subfield></datafield><datafield ind1=" " ind2=" " tag="080"><subfield code="a">539.2</subfield></datafield><datafield ind1="1" ind2=" " tag="100"><subfield code="a">Mott, N.F</subfield></datafield><datafield ind1="1" ind2="0" tag="245"><subfield code="a">The theory of the properties of metals and alloys</subfield><subfield code="c">N.f. mott, h. jones</subfield></datafield><datafield ind1=" " ind2=" " tag="260"><subfield code="a">London</subfield><subfield code="b">Oxford University Press</subfield><subfield code="c">1958</subfield></datafield><datafield ind1=" " ind2=" " tag="300"><subfield code="a">XIII+326P</subfield></datafield><datafield ind1="1" ind2=" " tag="700"><subfield code="a">Jones, H</subfield></datafield><datafield ind1=" " ind2=" " tag="852"><subfield code="a">15640</subfield><subfield code="c">539.2</subfield></datafield><datafield ind1=" " ind2=" " tag="CAT"><subfield code="a">Sys</subfield><subfield code="c">20121004</subfield><subfield code="h">103151</subfield></datafield></record></collection>